@article{RODRIGUEZ1997,
   title = {{Métodos de segmentación de imagen aplicados a las lesiones arteriales: I. Comparación}},
   journal = {{Revista Cubana de Investigaciones Biom\~A\copyrightdicas}},
   author={Rodrígez, Roberto AND Fernández-Britto, José E. AND Alarcón, Teresa E AND Gusk, Hans AND Taylor, Charles},
   ISSN = {0864-0300},
   language = {es},
   URL = {http://scielo.sld.cu/scielo.php?script=sci_arttext&pid=S0864-03001997000100010&nrm=iso},
   volume = {16},
   year = {1997},
   month = {06},
   pages = {58 - 62},
   publisher = {scielocu},
   }
